<record><leader>00000cas a22000007a 4500</leader><controlfield tag="001">10817185</controlfield><controlfield tag="008">840607d19371968njuwr ne      0    0eng  </controlfield><controlfield tag="009">466</controlfield><datafield ind1=" " ind2=" " tag="010"><subfield code="a">sn 84020461 </subfield></datafield><datafield ind1=" " ind2=" " tag="040"><subfield code="a">DLC</subfield><subfield code="b">eng</subfield><subfield code="c">DLC</subfield><subfield code="d">NPX</subfield><subfield code="d">NPA</subfield><subfield code="d">NJW</subfield></datafield><datafield ind1="1" ind2=" " tag="029"><subfield code="a">AU@</subfield><subfield code="b">000025810625</subfield></datafield><datafield ind1=" " ind2=" " tag="042"><subfield code="a">msc</subfield></datafield><datafield ind1="0" ind2="0" tag="050"><subfield code="a">Newspaper 7002</subfield></datafield><datafield ind1="0" ind2=" " tag="130"><subfield code="a">Beacon (Lambertville, N.J. : 1937)</subfield></datafield><datafield ind1="0" ind2="4" tag="245"><subfield code="a">The beacon.</subfield></datafield><datafield ind1=" " ind2=" " tag="260"><subfield code="a">Lambertville, N.J. :</subfield><subfield code="b">John C. Hazen,</subfield><subfield code="c">1937-1968.</subfield></datafield><datafield ind1=" " ind2=" " tag="300"><subfield code="a">v. :</subfield><subfield code="b">ill. ;</subfield><subfield code="c">63 cm.</subfield></datafield><datafield ind1=" " ind2=" " tag="310"><subfield code="a">Weekly</subfield></datafield><datafield ind1="0" ind2=" " tag="362"><subfield code="a">93rd, no. 4351 (Apr. 15, 1937)-123rd yr., no. 7000 (Mar. 7, 1968).</subfield></datafield><datafield ind1=" " ind2=" " tag="500"><subfield code="a">Published by Joseph N. Hazen, 1937-1943.</subfield></datafield><datafield ind1=" " ind2=" " tag="752"><subfield code="a">United States</subfield><subfield code="b">New Jersey</subfield><subfield code="c">Hunterdon</subfield><subfield code="d">Lambertville.</subfield></datafield><datafield ind1="0" ind2="0" tag="780"><subfield code="t">Lambertville beacon</subfield><subfield code="w">(DLC)sn 85035768</subfield><subfield code="w">(OCoLC)12101610</subfield></datafield><datafield ind1="0" ind2="7" tag="785"><subfield code="t">Lambertville record</subfield><subfield code="w">(DLC)sn 84026089</subfield><subfield code="w">(OCoLC)10283228</subfield></datafield><datafield ind1="0" ind2="7" tag="785"><subfield code="t">Beacon and Lambertville record</subfield><subfield code="w">(DLC)sn 85035771</subfield><subfield code="w">(OCoLC)12101750</subfield></datafield></record>